@book{Geankoplis,
  Author = {Christie John Geankoplis},
  Title = {Transport Processes and Separation Process Principles (Includes Unit Operations)},
  Publisher = {Prentice Hall},
  Year = {2003},
  ISBN = {013101367X}
}

@book{McCabe,
  Author = {Warren McCabe and Julian Smith and Peter Harriott},
  Title = {Unit Operations of Chemical Engineering (7th edition)(McGraw Hill Chemical Engineering Series)},
  Publisher = {McGraw-Hill Education},
  Year = {2004},
  ISBN = {0072848235}
}

@incollection{zakin2017turbulent,
  title={Turbulent drag-reduction applications of surfactant solutions},
  author={Zakin, Jacques L and Maxson, Andrew J and Saeki, Takashi and Sullivan, Phillip F},
  booktitle={Wormlike Micelles},
  pages={353--378},
  year={2017}
}

@article{zhou2013modeling,
  title={Modeling of breakthrough curves of single and quaternary mixtures of ethanol, glucose, glycerol and acetic acid adsorption onto a microporous hyper-cross-linked resin},
  author={Zhou, Jingwei and Wu, Jinglan and Liu, Yanan and Zou, Fengxia and Wu, Jian and Li, Kechun and Chen, Yong and Xie, Jingjing and Ying, Hanjie},
  journal={Bioresource technology},
  volume={143},
  pages={360--368},
  year={2013},
  publisher={Elsevier}
}